{1:F21MAPAGB2LAXXX1580848670}{4:{177:1601190637}{451:0}}{1:F01MAPAGB2LAXXX1580848670}{2:O9400737160119MPBKDEFFAXXX30192060541601190637N}{3:{108:A00000020080}}{4:
:20:GL160118000001
:25:DE32524109001100502002
:28C:00011/00001
:60F:C160115EUR96730,17
:61:1601180118C60809,86FMSCMB/PAY/601180161//G702040
MB/PAY/601180161
:86:/BNF/BY ORDER OF 0617SLHW7MAPLE//SECURITIES(UK) LTD. RYDER COURT/
/14 RYDER STREET LONDON SW1Y 6QB//UKM
001007069006MSLNGB2XXXX
:61:1601180118C310000,00FMSCMB/PAY/601180163//G702044
MB/PAY/601180163
:86:001007069006SBILGB2LXXX
:61:1601180118D77966,56FMSCMB/PAY/601180165//G702047
MB/PAY/601180165
:86:MLILGB2AXXX
:61:1601180118D72107,59FMSCMB/PAY/601180166//G702049
MB/PAY/601180166
:86:/BNF/SUB ACC CUST 7860009785 ACC//BANK OF NEW YORK BRUSSELS//FFC
MAPLE SEC UK LTD CLIENT MONEY
IRVTBEBBXXX
:61:1601180118C500000,00FMSCMB/PAY/601180169//G702056
MB/PAY/601180169
:86:001007069006KASANL2A
:61:1601180118D1500000,00FMSCMB/PAY/601180170//G702057
MB/PAY/601180170
:86:BARCGB33XXX
:61:1601180118D104525,90FMSCMB/WPA/601180009//G702063
MB/WPA/601180009
:86:INITIAL MARGIN
293200000020MAPLE BANK GMBH FEUERBACHSTRASSE 26 -32 60325 FRANKF
U
:61:1601180118C6990,00FMSCGAB  00029756868
66131
:61:1601180118C2935,00FMSCGAB  0002975687A
1XA83
:61:1601180118C5400,00FMSCGAB  0002975692A
0D94M
:61:1601180118C1900,00FMSCGAB  0002975693A
1JAGV
:61:1601180118C17980,00FMSCGAB  0002975696A
0ER6S
:61:1601180118C23875,00FMSCGAB  00029756979
03000
:61:1601180118C23875,00FMSCGAB  00029756989
03000
:61:1601180118C8446,00FMSCGAB  00029757039
08101
:61:1601180118C47750,00FMSCGAB  00029757049
03000
:62M:D160118EUR647909,02
-}{5:{CHK:D0DF8E2EEC64}}{S:{COP:P}}                                                                                                                                                                                                                                                                                                                                            {1:F21MAPAGB2LAXXX1580848671}{4:{177:1601190637}{451:0}}{1:F01MAPAGB2LAXXX1580848671}{2:O9400737160119MPBKDEFFAXXX30192060571601190637N}{3:{108:A00000020081}}{4:
:20:GL160118000002
:25:DE32524109001100502002
:28C:00011/00002
:60M:D160118EUR647909,02
:61:1601180118C47750,00FMSCGAB  00029757059
03000
:61:1601180118C3582,00FMSCGAB  0002975712A
0ER6S
:61:1601180118C1790,00FMSCGAB  0002975713A
0ER6S
:61:1601180118C1253,00FMSCGAB  0002975714A
0ER6S
:61:1601180118C2864,00FMSCGAB  0002975715A
0ER6S
:61:1601180118C1790,00FMSCGAB  0002975716A
0ER6S
:61:1601180118C6613,75FMSCGAB  0002975717A
0ER6S
:61:1601180118C1880,00FMSCGAB  0002975739A
1JAGV
:61:1601180118C47750,00FMSCGAB  00029757529
03000
:61:1601180118C9700,00FMSCGAB  00029757629
16018
:61:1601180118C24150,00FMSCGAB  00029757678
66131
:61:1601180118C2760,00FMSCGAB  00029757688
66131
:61:1601180118C8350,00FMSCGAB  00029757709
08101
:61:1601180118C47500,00FMSCGAB  00029757719
03000
:61:1601180118C7237,50FMSCGAB  00029759989
16018
:61:1601180118C47250,00FMSCGAB  00029759999
03000
:61:1601180118C5707,07FMSCGAB  00029760409
16018
:61:1601180118C42390,00FMSCGAB  00029760779
03000
:61:1601180118C47000,00FMSCGAB  00029760829
03000
:61:1601180118C17960,00FMSCGAB  0002976089A
0ER6S
:61:1601180118C12572,00FMSCGAB  0002976090A
0ER6S
:61:1601180118C5382,00FMSCGAB  0002976091A
0ER6S
:61:1601180118C21664,80FMSCGAB  00029761019
03000
:61:1601180118C24205,00FMSCGAB  00029761208
51247
:61:1601180118C24205,00FMSCGAB  00029761218
51247
:61:1601180118C24205,00FMSCGAB  00029761228
51247
:61:1601180118C24205,00FMSCGAB  00029761238
51247
:61:1601180118C24205,00FMSCGAB  00029761248
51247
:61:1601180118C9680,00FMSCGAB  00029761258
51247
:62M:D160118EUR102307,90
-}{5:{CHK:42E0E0F6CD67}}{S:{COP:P}}                                                                                                                                                                                                                                            {1:F21MAPAGB2LAXXX1580848672}{4:{177:1601190637}{451:0}}{1:F01MAPAGB2LAXXX1580848672}{2:O9400737160119MPBKDEFFAXXX30192060581601190637N}{3:{108:A00000020082}}{4:
:20:GL160118000003
:25:DE32524109001100502002
:28C:00011/00003
:60M:D160118EUR102307,90
:61:1601180118C24175,00FMSCGAB  00029761369
16018
:61:1601180118C6709,53FMSCGAB  00029761379
16018
:61:1601180118C3573,00FMSCGAB  0002976140A
0D94M
:61:1601180118C1786,50FMSCGAB  0002976141A
0D94M
:61:1601180118C6674,71FMSCGAB  00029761429
03000
:61:1601180118C40326,00FMSCGAB  00029761439
03000
:61:1601180118C17900,00FMSCGAB  0002976160A
0ER6S
:61:1601180118C16441,38FMSCGAB  0002976192A
0ER6S
:61:1601180118C1464,52FMSCGAB  0002976193A
0ER6S
:61:1601180118C47350,00FMSCGAB  00029762979
03000
:61:1601180118C11279,97FMSCGAB  0002976413A
0ER6S
:61:1601180118C6841,80FMSCGAB  0002976414A
0ER6S
:61:1601180118C48713,00FMSCGAB  00029764299
16018
:61:1601180118C13671,00FMSCGAB  00029765358
50517
:61:1601180118C1819,50FMSCGAB  0002976696A
0ER6S
:61:1601180118C16362,00FMSCGAB  0002976697A
0ER6S
:61:1601180118C10908,00FMSCGAB  0002976698A
0ER6S
:61:1601180118C18200,00FMSCGAB  00029767479
40561
:61:1601180118C18160,00FMSCGAB  00029767549
40561
:61:1601180118C29710,80FMSCGAB  00029767719
03000
:61:1601180118C3498,80FMSCGAB  00029767939
08101
:61:1601180118C2624,10FMSCGAB  00029767949
08101
:61:1601180118C2624,10FMSCGAB  00029767959
08101
:61:1601180118C6713,05FMSCGAB  00029768049
03000
:61:1601180118C4729,00FMSCGAB  00029768079
03000
:61:1601180118C89841,50FMSCGAB  00029768089
03000
:61:1601180118C88375,67FMSCGAB  00029768099
03000
:61:1601180118C32512,28FMSCGAB  00029768129
03000
:61:1601180118C57362,77FMSCGAB  00029768139
03000
:62M:C160118EUR528040,08
-}{5:{CHK:CF08BB773959}}{S:{COP:P}}                                                                                                                                                                                                                                          {1:F21MAPAGB2LAXXX1580848673}{4:{177:1601190637}{451:0}}{1:F01MAPAGB2LAXXX1580848673}{2:O9400737160119MPBKDEFFAXXX30192060591601190637N}{3:{108:A00000020084}}{4:
:20:GL160118000005
:25:DE32524109001100502002
:28C:00011/00005
:60M:C160118EUR805478,14
:61:1601180118D8659,44FMSCGAB  00029757515
19000
:61:1601180118D925,80FMSCGAB  00029757697
50000
:61:1601180118D37987,50FMSCGAB  00029757728
40400
:61:1601180118D37987,50FMSCGAB  00029757738
40400
:61:1601180118D37987,50FMSCGAB  00029757748
40400
:61:1601180118D37987,50FMSCGAB  00029757758
40400
:61:1601180118D16106,70FMSCGAB  00029757768
40400
:61:1601180118D5926,05FMSCGAB  00029757778
40400
:61:1601180118D11396,25FMSCGAB  00029757788
40400
:61:1601180118D20665,20FMSCGAB  00029757798
40400
:61:1601180118D8285,87FMSCGAB  0002975781C
BK100
:61:1601180118D8285,87FMSCGAB  0002975782C
BK100
:61:1601180118D4869,10FMSCGAB  0002975783C
BK100
:61:1601180118D3416,77FMSCGAB  0002975784C
BK100
:61:1601180118D4869,10FMSCGAB  0002975785C
BK100
:61:1601180118D3416,77FMSCGAB  0002975786C
BK100
:61:1601180118D8285,87FMSCGAB  0002975787C
BK100
:61:1601180118D109,14FMSCGAB  0002975788C
BK100
:61:1601180118D8176,73FMSCGAB  0002975789C
BK100
:61:1601180118D8285,87FMSCGAB  0002975790C
BK100
:61:1601180118D7891,30FMSCGAB  0002975791C
BK100
:61:1601180118D19086,66FMSCGAB  00029761285
14000
:61:1601180118D19562,34FMSCGAB  00029761295
14000
:61:1601180118D19562,34FMSCGAB  00029761305
14000
:61:1601180118D7848,72FMSCGAB  00029761315
14000
:61:1601180118D9910,00FMSCGAB  00029761325
14000
:61:1601180118D55,91FMSCGAB  0002976832A
0ER6S
:61:1601180118D692,28FMSCGAB  00029768358
86455
:61:1601180118D5095,20FMSCGAB  00029768368
86455
:62M:C160118EUR442142,86
-}{5:{CHK:83492FCC8DEE}}{S:{COP:P}}                                                                                                                                                                                                                                                      {1:F21MAPAGB2LAXXX1580848674}{4:{177:1601190637}{451:0}}{1:F01MAPAGB2LAXXX1580848674}{2:O9400737160119MPBKDEFFAXXX30192060601601190637N}{3:{108:A00000020083}}{4:
:20:GL160118000004
:25:DE32524109001100502002
:28C:00011/00004
:60M:C160118EUR528040,08
:61:1601180118C4729,00FMSCGAB  00029768149
03000
:61:1601180118C603,06FMSCGAB  00029768387
50000
:61:1601180118C333,27FMSCGAB  00029768397
50000
:61:1601180118C4203,43FMSCGAB  00029768449
08101
:61:1601180118C4664,04FMSCGAB  00029768459
08101
:61:1601180118C13995,00FMSCGAB  00029768978
50517
:61:1601180118C94570,00FMSCGAB  00029769039
03000
:61:1601180118C94640,00FMSCGAB  00029769049
03000
:61:1601180118C94640,00FMSCGAB  00029769059
03000
:61:1601180118C94640,00FMSCGAB  00029769069
03000
:61:1601180118C4732,00FMSCGAB  00029769079
03000
:61:1601180118C39981,18FMSCGAB  00029769089
03000
:61:1601180118C13998,00FMSCGAB  00029769098
50517
:61:1601180118D18387,00FMSCGAB  00029756885
14000
:61:1601180118D20164,41FMSCGAB  00029756895
14000
:61:1601180118D20164,41FMSCGAB  00029756905
14000
:61:1601180118D16630,02FMSCGAB  00029756915
14000
:61:1601180118D612,90FMSCGAB  00029757115
14000
:61:1601180118D12267,54FMSCGAB  00029757405
19000
:61:1601180118D12267,54FMSCGAB  00029757415
19000
:61:1601180118D12027,00FMSCGAB  00029757425
19000
:61:1601180118D240,54FMSCGAB  00029757435
19000
:61:1601180118D12267,54FMSCGAB  00029757445
19000
:61:1601180118D12267,54FMSCGAB  00029757455
19000
:61:1601180118D8098,18FMSCGAB  00029757465
19000
:61:1601180118D12267,54FMSCGAB  00029757475
19000
:61:1601180118D6093,68FMSCGAB  00029757485
19000
:61:1601180118D12267,54FMSCGAB  00029757495
19000
:61:1601180118D12267,54FMSCGAB  00029757505
19000
:62M:C160118EUR805478,14
-}{5:{CHK:D5BED3761C96}}{S:{COP:P}}                                                                                                                                                                                                                                            {1:F21MAPAGB2LAXXX1580848675}{4:{177:1601190637}{451:0}}{1:F01MAPAGB2LAXXX1580848675}{2:O9400737160119MPBKDEFFAXXX30192060611601190637N}{3:{108:A00000020085}}{4:
:20:GL160118000006
:25:DE32524109001100502002
:28C:00011/00006
:60M:C160118EUR442142,86
:61:1601180118D5790,00FMSCGAB  00029768378
86455
:61:1601180118D1065,00FMSCGAB  0002976880A
0MUKL
:62F:C160118EUR435287,86
:64:C160118EUR435287,86
-}{5:{CHK:A422671C506F}}{S:{COP:P}}                                                                   {1:F21MAPAGB2LAXXX1580848676}{4:{177:1601190637}{451:0}}{1:F01MAPAGB2LAXXX1580848676}{2:O9400737160119MPBKDEFFAXXX30192060621601190637N}{3:{108:A00000020086}}{4:
:20:GL160118000007
:25:DE22524109001100502085
:28C:00010/00001
:60F:D160115EUR2595755,77
:61:1601180118C61737,50FMSC     0000096200F
DAXH16XEUR
:61:1601180118C111700,00FMSC     0000096201F
ESXH16XEUR
:62F:D160118EUR2422318,27
:64:D160118EUR2422318,27
-}{5:{CHK:5715F1E99ABA}}{S:{COP:P}}                                                   