{1:F21MAPAGB2LAXXX1580848639}{4:{177:1601190100}{451:0}}{1:F01MAPAGB2LAXXX1580848639}{2:O9500200160119IRVTBEBBGXXX07898395441601190100N}{4:
:20:1016011800081579
:25:7860009785
:28C:1217/1
:60F:C160115EUR509094,4
:61:1601180118CR72107,59NTRFCREDIT CLIENT AC//ITM1601182037236
ORD INST:MAPLE BANK GMBH FRANKFURT
:62F:C160118EUR581201,99
-}{5:{CHK:6B56A1AF9170}}{S:{COP:P}}                                                                                                                                    